<?xml version="1.0" encoding="UTF-8"?><collection xmlns="http://www.loc.gov/MARC21/slim"><record><leader>00480nam--2200181-i-4500</leader><controlfield tag="001">000015085</controlfield><controlfield tag="002">20161230</controlfield><controlfield tag="005">20161230201031</controlfield><controlfield tag="008">060222s1000------------r-----000-0-eng-d</controlfield><datafield ind1=" " ind2=" " tag="020"><subfield code="a">0306310910</subfield></datafield><datafield ind1=" " ind2=" " tag="040"><subfield code="a">IFIN-HH</subfield></datafield><datafield ind1=" " ind2=" " tag="080"><subfield code="a">543.422.8</subfield></datafield><datafield ind1="1" ind2=" " tag="100"><subfield code="a">Bertin, Eugene P</subfield></datafield><datafield ind1="1" ind2="0" tag="245"><subfield code="a">Introduction to x-ray spectrometric analysis</subfield><subfield code="c">Eugene p. bertin</subfield></datafield><datafield ind1=" " ind2=" " tag="260"><subfield code="a">New York</subfield><subfield code="b">Plenum Press</subfield><subfield code="c">1978</subfield></datafield><datafield ind1=" " ind2=" " tag="300"><subfield code="a">XIV + 485 P</subfield></datafield><datafield ind1=" " ind2=" " tag="852"><subfield code="a">77282</subfield><subfield code="c">537.531</subfield></datafield><datafield ind1=" " ind2=" " tag="CAT"><subfield code="a">Sys</subfield><subfield code="c">20110810</subfield><subfield code="h">145429</subfield></datafield></record></collection>